@mastersthesis{bjorgo2024automating,
  title={Automating the Process of Traffic Incident Reporting},
  author={Bj{\o}rgo, Anna Jansdatter and Lundegaard, Mads},
  year={2024},
  school={NTNU}
}